% Encoding: UTF-8

@Misc{shammaa2014,
  author       = {Shammaa, Haitham},
  title        = {Global South User Survey 2014},
  howpublished = {\url{https://meta.wikimedia.org/wiki/Research:Global\_South\_User\_Survey\_2014}},
  month        = {Aug},
  year         = {2014},
  note         = {[Online; accessed 02-February-2020]},
  journal      = {Wikimedia Meta-Wiki},
  publisher    = {Wikimedia Foundation},
}

@Misc{fung2013,
  author       = {Fung, Howie},
  title        = {Gender micro-survey},
  howpublished = {\url{https://meta.wikimedia.org/wiki/Research:Gender_micro-survey}},
  month        = {Jun},
  year         = {2013},
  note         = {[Online; accessed 02-February-2020]},
  journal      = {Wikimedia Meta-Wiki},
  publisher    = {Wikimedia Foundation},
}

@Misc{tilman2012,
  author       = {Bayer, Tilman},
  title        = {Wikipedia Editors Survey 2012},
  howpublished = {\url{https://meta.wikimedia.org/wiki/Research:Wikipedia_Editors_Survey_2012}},
  month        = {Nov},
  year         = {2012},
  note         = {[Online; accessed 02-February-2020]},
  journal      = {Wikimedia Meta-Wiki},
  publisher    = {Wikimedia Foundation},
}

@Misc{pande2011,
  author       = {Pande, Mani},
  title        = {Wikipedia Editor Survey December 2011},
  howpublished = {\url{https://commons.wikimedia.org/wiki/File:December_2011_Wikipedia_Editor_Survey_topline.pdf}},
  month        = {Dec},
  year         = {2011},
  note         = {[Online; accessed 02-February-2020]},
  journal      = {Wikimedia Commons},
  publisher    = {Wikimedia Foundation},
}

@Misc{khanna2011,
  author       = {Khanna, Ayush},
  title        = {Wikipedia Editors Survey April 2011},
  howpublished = {\url{https://meta.wikimedia.org/wiki/Research:Wikipedia_Editors_Survey_2011_April}},
  month        = {Apr},
  year         = {2011},
  note         = {[Online; accessed 02-February-2020]},
  journal      = {Wikimedia Meta-Wiki},
  publisher    = {Wikimedia Foundation},
}

@Article{glott2010wikipedia,
  author  = {Glott, Ruediger and Schmidt, Philipp and Ghosh, Rishab},
  title   = {Wikipedia survey--overview of results},
  journal = {United Nations University: Collaborative Creativity Group},
  year    = {2010},
  volume  = {8},
  pages   = {1158--1178},
}

@Article{hinnosaar2019gender,
  author    = {Hinnosaar, Marit},
  title     = {Gender inequality in new media: Evidence from Wikipedia},
  journal   = {Journal of Economic Behavior \& Organization},
  year      = {2019},
  volume    = {163},
  pages     = {262--276},
  publisher = {Elsevier},
}

@InProceedings{collier2012conflict,
  author       = {Collier, Benjamin and Bear, Julia},
  title        = {Conflict, confidence, or criticism: An empirical examination of the gender gap in Wikipedia},
  booktitle    = {CSCWâ€™12: Proceedings of the ACM 2012 Conference on Computer Supported Cooperative Work},
  year         = {2012},
  pages        = {383--392},
  organization = {Citeseer},
}

@InProceedings{protonotarios2016similar,
  author    = {Protonotarios, Ioannis and Sarimpei, Vasiliki and Otterbacher, Jahna},
  title     = {Similar gaps, different origins? Women readers and editors at Greek Wikipedia},
  booktitle = {Tenth International AAAI Conference on Web and Social Media},
  year      = {2016},
}

@Article{terrell2017gender,
  author    = {Terrell, Josh and Kofink, Andrew and Middleton, Justin and Rainear, Clarissa and Murphy-Hill, Emerson and Parnin, Chris and Stallings, Jon},
  title     = {Gender differences and bias in open source: Pull request acceptance of women versus men},
  journal   = {PeerJ Computer Science},
  year      = {2017},
  volume    = {3},
  pages     = {e111},
  publisher = {PeerJ Inc.},
}

@Misc{zachte2018,
  author       = {Zachte, Erik},
  title        = {Wikimedia Traffic Analysis Report},
  howpublished = {\url{https://stats.wikimedia.org/wikimedia/squids/SquidReportPageViewsPerCountryOverview.htm}},
  month        = {Sep},
  year         = {2018},
  note         = {[Online; accessed 02-February-2020]},
  journal      = {Wikimedia Statistics},
  publisher    = {Wikimedia Foundation},
}

@Article{lobato2014impact,
  author    = {Lobato, Lucas and Bethony, Jeffrey Michael and Pereira, Fernanda Bicalho and Grahek, Shannon Lee and Diemert, David and Gazzinelli, Maria Fl{\'a}via},
  title     = {Impact of gender on the decision to participate in a clinical trial: a cross-sectional study},
  journal   = {BMC Public Health},
  year      = {2014},
  volume    = {14},
  number    = {1},
  pages     = {1156},
  publisher = {BioMed Central},
}

@InProceedings{lam2011wp,
  author    = {Lam, Shyong (Tony) K and Uduwage, Anuradha and Dong, Zhenhua and Sen, Shilad and Musicant, David R and Terveen, Loren and Riedl, John},
  title     = {WP: clubhouse? An exploration of Wikipedia's gender imbalance},
  booktitle = {Proceedings of the 7th international symposium on Wikis and open collaboration},
  year      = {2011},
  pages     = {1--10},
}

@Article{wagner2016women,
  author    = {Wagner, Claudia and Graells-Garrido, Eduardo and Garcia, David and Menczer, Filippo},
  title     = {Women through the glass ceiling: gender asymmetries in Wikipedia},
  journal   = {EPJ Data Science},
  year      = {2016},
  volume    = {5},
  number    = {1},
  pages     = {5},
  publisher = {Springer},
}

@InProceedings{klein2016monitoring,
  author    = {Klein, Maximilian and Gupta, Harsh and Rai, Vivek and Konieczny, Piotr and Zhu, Haiyi},
  title     = {Monitoring the Gender Gap with Wikidata Human Gender Indicators},
  booktitle = {Proceedings of the 12th International Symposium on Open Collaboration},
  year      = {2016},
  pages     = {1--9},
}

@InProceedings{wagner2015s,
  author    = {Wagner, Claudia and Garcia, David and Jadidi, Mohsen and Strohmaier, Markus},
  title     = {It's a man's Wikipedia? Assessing gender inequality in an online encyclopedia},
  booktitle = {Ninth international AAAI conference on web and social media},
  year      = {2015},
}

@InProceedings{graells2015first,
  author    = {Graells-Garrido, Eduardo and Lalmas, Mounia and Menczer, Filippo},
  title     = {First women, second sex: Gender bias in Wikipedia},
  booktitle = {Proceedings of the 26th ACM Conference on Hypertext \& Social Media},
  year      = {2015},
  pages     = {165--174},
}

@Comment{jabref-meta: databaseType:bibtex;}
